@article{fast,
  author = {E. Hyypp√§ and others},
  title = {Reducing Leakage of Single-Qubit Gates for Superconducting Quantum Processors Using Analytical Control Pulse Envelopes},
  journal = {Phys. Rev. Applied},
  year = {2024},
  volume = {22},
  pages = {024034},
}
